@book{ascher2008numerical,
  author    = {Ascher, U.M.},
  isbn      = {9780898716528},
  lccn      = {2008006667},
  publisher = {Society for Industrial and Applied Mathematics},
  series    = {Computational Science and Engineering},
  title     = {Numerical Methods for Evolutionary Differential Equations},
  url       = {https://books.google.com.br/books?id=mXzwAAAAMAAJ},
  year      = {2008},
}


@article{burkardt2009,
  author    = {Burkardt, John},
  publisher = {University of Florida},
  title     = {Finite Difference Method to estimate solutions of a pair of ordinary differential equations},
  year      = {2009},
}

@article{goel1971,
  author    = {GOEL, NARENDRA S. and MAITRA, SAMARESH C. and MONTROLL, ELLIOTT W.},
  doi       = {10.1103/RevModPhys.43.231},
  issue     = {2},
  month     = {Apr},
  numpages  = {0},
  pages     = {231--276},
  publisher = {American Physical Society},
  title     = {On the Volterra and Other Nonlinear Models of Interacting Populations},
  url       = {https://link.aps.org/doi/10.1103/RevModPhys.43.231},
  volume    = {43},
  year      = {1971},
}

@book{leveque2007finitediff,
  address   = {USA},
  author    = {LeVeque, Randall},
  isbn      = {0898716292},
  publisher = {Society for Industrial and Applied Mathematics},
  title     = {Finite Difference Methods for Ordinary and Partial Differential Equations: Steady-State and Time-Dependent Problems (Classics in Applied Mathematics Classics in Applied Mathemat)},
  year      = {2007},
}

@book{zill2001,
  author    = {Dennis G. Zill And Michael R. Cullen},
  editor    = {Pearson Universidades},
  publisher = {Pearson},
  title     = {Equações Diferenciais: Volume 2},
  year      = {2000},
} 